@article{向井浩,
  title={井水の化学成分に基づく京都盆地北部市街域の地下水系の解析},
  author={向井浩 and 治田隆宏 and 田中里志},
  journal={地球化学},
  volume={43},
  number={2},
  pages={45--57},
  year={2009},
  publisher={一般社団法人日本地球化学会}
}
@article{田中幸夫,
  title={京都盆地水系を対象とした地下水流動および水質解析},
  author={田中幸夫 and 城戸由能 and 中北英一},
  journal={京都大学防災研究所年報. B},
  volume={52},
  number={B},
  pages={607--624},
  year={2009},
  publisher={京都大学防災研究所}
}
@article{aono2020aerodynamics,
  title={Aerodynamics of owl-like wing model at low Reynolds numbers},
  author={Aono, Hikaru and Kondo, Katsutoshi and Nonomura, Taku and Anyoji, Masayuki and Oyama, Akira and Fujii, Kozo and Yamamoto, Makoto},
  journal={Transactions of the Japan Society for Aeronautical and Space Sciences},
  volume={63},
  number={1},
  pages={8--17},
  year={2020},
  publisher={THE JAPAN SOCIETY FOR AERONAUTICAL AND SPACE SCIENCES}
}
@article{河内啓二1999昆虫の飛行メカニズム,
  title={昆虫の飛行メカニズム (流体力学的視点から)},
  author={河内啓二},
  journal={生物物理},
  volume={39},
  number={5},
  pages={279--284},
  year={1999},
  publisher={一般社団法人 日本生物物理学会}
}
 @misc{toolbox, title={Viscosity - absolute (dynamic) vs. Kinematic}, url={https://www.engineeringtoolbox.com/dynamic-absolute-kinematic-viscosity-d_412.html}, journal={Engineering ToolBox}, author={},} 
